@article{brown2004ecology,
  title = {Toward a Metabolic Theory of Ecology},
  author = {Brown, James H. and Gillooly, James F. and Allen, Andrew P. and Savage, Van M. and West, Geoffrey B.},
  journal = {Ecology},
  volume = {85},
  number = {7},
  pages = {1771-1789},
  url = {http://dx.doi.org/10.1890/03-9000},
  ISSN = {0012-9658},
  doi = {10.1890/03-9000},
  abstract = {},
  language = {English},
  year = {2004},
  publisher = {Ecological Society of America},
  copyright = {Copyright © 2004 Ecological Society of America},
}

@article{savage2004amnat,
  title = {Effects of Body Size and Temperature on Population Growth.},
  author = {Van M. Savage and James F. Gillooly and James H. Brown and Geoffrey B. West and Eric L. Charnov},
  journal = {The American Naturalist},
  volume = {163},
  number = {3},
  pages = {429-441},
  url = {http://www.jstor.org/stable/10.1086/381872},
  ISSN = {00030147},
  language = {English},
  year = {2004},
  publisher = {The University of Chicago Press for The American Society of Naturalists},
  copyright = {Copyright © 2004 The University of Chicago},
}

@article{makarieva2005functecol,
  author = {Makarieva, A. M. and Gorshkov, V. G. and Li, B.-L.},
  title = {Biochemical universality of living matter and its metabolic implications},
  journal = {Functional Ecology},
  volume = {19},
  number = {4},
  pages = {547-557},
  doi = {https://doi.org/10.1111/j.1365-2435.2005.01005.x},
  url = {https://besjournals.onlinelibrary.wiley.com/doi/abs/10.1111/j.1365-2435.2005.01005.x},
  eprint = {https://besjournals.onlinelibrary.wiley.com/doi/pdf/10.1111/j.1365-2435.2005.01005.x},
  year = {2005}
}

@article {glazier2005biolrev,
  author = {Glazier, Douglas S.},
  title = {Beyond the `3/4-power law': variation in the intra-and interspecific scaling of metabolic rate in animals},
  journal = {Biological Reviews},
  volume = {80},
  number = {4},
  publisher = {Blackwell Publishing Ltd},
  issn = {1469-185X},
  url = {http://dx.doi.org/10.1017/S1464793105006834},
  doi = {10.1017/S1464793105006834},
  pages = {611--662},
  keywords = {allometry, animals, body size, constraints, evolution, metabolism, ontogeny, optimization, respiration, scaling},
  year = {2005},
}

@article{moses2008amnat,
  title = {Revisiting a Model of Ontogenetic Growth: Estimating Model Parameters from Theory and Data.},
  author = {Melanie E. Moses and Chen Hou and William H. Woodruff and Geoffrey B. West and Jeffery C. Nekola and Wenyun Zuo and James H. Brown},
  journal = {The American Naturalist},
  volume = {171},
  number = {5},
  pages = {pp. 632-645},
  url = {http://www.jstor.org/stable/10.1086/587073},
  ISSN = {00030147},
  language = {English},
  year = {2008},
  publisher = {The University of Chicago Press for The American Society of Naturalists},
  copyright = {Copyright © 2008 The University of Chicago},
}

@article{glazier2010biolrev,
  author = {Glazier, Douglas S.},
  title = {A unifying explanation for diverse metabolic scaling in animals and plants},
  journal = {Biological Reviews},
  volume = {85},
  number = {1},
  publisher = {Blackwell Publishing Ltd},
  issn = {1469-185X},
  url = {http://dx.doi.org/10.1111/j.1469-185X.2009.00095.x},
  doi = {10.1111/j.1469-185X.2009.00095.x},
  pages = {111--138},
  keywords = {activity level, allometric scaling, animals, body mass, constraints, ecology, metabolism, plants, respiration},
  year = {2010},
}

@article{xiao2011ecology,
  author = {Xiao, Xiao and White, Ethan P. and Hooten, Mevin B. and Durham, Susan L.},
  title = {On the use of log-transformation vs. nonlinear regression for analyzing biological power laws},
  journal = {Ecology},
  volume = {92},
  number = {10},
  pages = {1887-1894},
  doi = {https://doi.org/10.1890/11-0538.1},
  url = {https://esajournals.onlinelibrary.wiley.com/doi/abs/10.1890/11-0538.1},
  eprint = {https://esajournals.onlinelibrary.wiley.com/doi/pdf/10.1890/11-0538.1},
  year = {2011}
}

@book{zuur2009book,
  author = {A. F. Zuur and E. N. Ieno and N. J. Walker and A. A. Saveliev and G. M. Smith},
  title = {Mixed Effects Models and Extensions in Ecology with R},
  volume = {},
  publisher = {Springer-Verlag New York},
  copyright = {Springer-Verlag New York},
  address = {New York, USA},
  doi = {10.1007/978-0-387-87458-6},
  year = {2009},
  ISBN = {978-0-387-87457-9},
  pages = {574},
}

@article{nunes2021functecol,
  author = {Nunes, Lucas T. and Barneche, Diego R. and Lastrucci, Naomi S. and Fraga, Alana A. and Nunes, José A. C. C. and Ferreira, Carlos E. L. and Floeter, Sergio R.},
  title = {Predicting the effects of body size, temperature and diet on animal feeding rates},
  journal = {Functional Ecology},
  volume = {35},
  number = {10},
  pages = {2229-2240},
  doi = {https://doi.org/10.1111/1365-2435.13872},
  url = {https://besjournals.onlinelibrary.wiley.com/doi/abs/10.1111/1365-2435.13872},
  eprint = {https://besjournals.onlinelibrary.wiley.com/doi/pdf/10.1111/1365-2435.13872},
  year = {2021}
}

@article{gillooly2001science,
  author = {Gillooly, James F. and Brown, James H. and West, Geoffrey B. and Savage, Van M. and Charnov, Eric L.}, 
  title = {Effects of Size and Temperature on Metabolic Rate},
  volume = {293}, 
  number = {5538}, 
  pages = {2248-2251}, 
  year = {2001}, 
  doi = {10.1126/science.1061967}, 
  URL = {http://www.sciencemag.org/content/293/5538/2248.abstract}, 
  eprint = {http://www.sciencemag.org/content/293/5538/2248.full.pdf}, 
  journal = {Science}
}

@article{barton2019limn,
  author = {Barton, Samuel and Yvon-Durocher, Gabriel},
  title = {Quantifying the temperature dependence of growth rate in marine phytoplankton within and across species},
  journal = {Limnology and Oceanography},
  volume = {64},
  number = {5},
  pages = {2081-2091},
  doi = {https://doi.org/10.1002/lno.11170},
  url = {https://aslopubs.onlinelibrary.wiley.com/doi/abs/10.1002/lno.11170},
  eprint = {https://aslopubs.onlinelibrary.wiley.com/doi/pdf/10.1002/lno.11170},
  year = {2019}
}


@article{wasserstein2016amstat,
  author = {Ronald L. Wasserstein and Nicole A. Lazar},
  title = {The {ASA} Statement on \emph{p}-Values: Context, Process, and Purpose},
  journal = {The American Statistician},
  volume = {70},
  number = {2},
  pages = {129-133},
  year  = {2016},
  publisher = {Taylor & Francis},
  doi = {10.1080/00031305.2016.1154108},
  URL = {https://doi.org/10.1080/00031305.2016.1154108},
  eprint = {https://doi.org/10.1080/00031305.2016.1154108}
}

@article{benjamin2017nathumbeh,
  author = {Benjamin, Daniel J. and Berger, James O. and Johannesson, Magnus and Nosek, Brian A. and Wagenmakers, E.-J. and Berk, Richard and Bollen, Kenneth A. and Brembs, Björn and Brown, Lawrence and Camerer, Colin and Cesarini, David and Chambers, Christopher D. and Clyde, Merlise and Cook, Thomas D. and De Boeck, Paul and Dienes, Zoltan and Dreber, Anna and Easwaran, Kenny and Efferson, Charles and Fehr, Ernst and Fidler, Fiona and Field, Andy P. and Forster, Malcolm and George, Edward I. and Gonzalez, Richard and Goodman, Steven and Green, Edwin and Green, Donald P. and Greenwald, Anthony G. and Hadfield, Jarrod D. and Hedges, Larry V. and Held, Leonhard and Hua Ho, Teck and Hoijtink, Herbert and Hruschka, Daniel J. and Imai, Kosuke and Imbens, Guido and Ioannidis, John P. A. and Jeon, Minjeong and Jones, James Holland and Kirchler, Michael and Laibson, David and List, John and Little, Roderick and Lupia, Arthur and Machery, Edouard and Maxwell, Scott E. and McCarthy, Michael and Moore, Don A. and Morgan, Stephen L. and Munafó, Marcus and Nakagawa, Shinichi and Nyhan, Brendan and Parker, Timothy H. and Pericchi, Luis and Perugini, Marco and Rouder, Jeff and Rousseau, Judith and Savalei, Victoria and Schönbrodt, Felix D. and Sellke, Thomas and Sinclair, Betsy and Tingley, Dustin and Van Zandt, Trisha and Vazire, Simine and Watts, Duncan J. and Winship, Christopher and Wolpert, Robert L. and Xie, Yu and Young, Cristobal and Zinman, Jonathan and Johnson, Valen E.},
  title = {Redefine statistical significance},
  volume = {2},
  issue = {1},
  pages = {6-10},
  year = {2018},
  issn = {2397-3374},
  doi = {10.1038/s41562-017-0189-z},
  URL = {https://doi.org/10.1038/s41562-017-0189-z},
  journal = {Nature Human Behaviour} 
}

@article{amrhein2019nat,
  author = {Valentin Amrhein and Sander Greenland and Blake McShane},
  title = {Retire statistical significance},
  volume = {567},
  pages = {305-307},
  year = {2019},
  doi = {10.1038/d41586-019-00857-9},
  URL = {https://doi.org/10.1038/d41586-019-00857-9},
  journal = {Nature}
}

@article{muff2022tree,
  author = {Muff, Stefanie and Nilsen, Erlend B. and O'Hara, Robert B. and Nater, Chloé R.},
  title = {Rewriting results sections in the language of evidence},
  journal = {Trends in Ecology \& Evolution},
  volume = {37},
  number = {3},
  publisher = {Elsevier},
  issn = {0169-5347},
  url = {https://doi.org/10.1016/j.tree.2021.10.009},
  doi = {10.1016/j.tree.2021.10.009},
  pages = {203--210},
  year = {2022},
}

@article{lakens2022tree,
  author = {Daniël Lakens},
  title = {Why {\emph{P}} values are not measures of evidence},
  journal = {Trends in Ecology \& Evolution},
  volume = {37},
  number = {4},
  publisher = {Elsevier},
  issn = {0169-5347},
  url = {https://doi.org/10.1016/j.tree.2021.12.006},
  doi = {10.1016/j.tree.2021.12.006},
  pages = {289--290},
  year = {2022},
}

@article{muff2022responsetree,
  author = {Muff, Stefanie and Nilsen, Erlend B. and O'Hara, Robert B. and Nater, Chloé R.},
  title = {Response to `{W}hy \emph{P} values are not measures of evidence'},
  journal = {Trends in Ecology \& Evolution},
  volume = {37},
  number = {4},
  publisher = {Elsevier},
  issn = {0169-5347},
  url = {https://doi.org/10.1016/j.tree.2022.01.001},
  doi = {10.1016/j.tree.2022.01.001},
  pages = {291--292},
  year = {2022},
}

@article{kruschke2010tree,
  title = {What to believe: {Bayesian} methods for data analysis},
  journal = {Trends in Cognitive Sciences},
  volume = {14},
  number = {7},
  pages = {293-300},
  year = {2010},
  issn = {1364-6613},
  doi = {https://doi.org/10.1016/j.tics.2010.05.001},
  url = {https://www.sciencedirect.com/science/article/pii/S1364661310000926},
  author = {John K. Kruschke}
}

@article{west1999science,
  author = {West, Geoffrey B. and Brown, James H. and Enquist, Brian J.},
  title = {The Fourth Dimension of Life: Fractal Geometry and Allometric Scaling of Organisms},
  volume = {284},
  number = {5420},
  pages = {1677--1679},
  year = {1999},
  doi = {10.1126/science.284.5420.1677},
  publisher = {American Association for the Advancement of Science},
  issn = {0036-8075},
  URL = {http://science.sciencemag.org/content/284/5420/1677},
  eprint = {http://science.sciencemag.org/content/284/5420/1677.full.pdf},
  journal = {Science}
}

@article{kruscke2018psybullrev,
  author = {Kruschke, John K. and Liddell, Torrin M.},
  title = {The {Bayesian New Statistics}: {Hypothesis} testing, estimation, meta-analysis, and power analysis from a {Bayesian} perspective},
  journal = {Psychonomic Bulletin \& Review},
  volume = {25},
  issue = {1},
  pages = {178-206},
  year = {2018},
  issn = {1531-5320},
  doi = {10.3758/s13423-016-1221-4},
  url = {https://doi.org/10.3758/s13423-016-1221-4}
}

@article{barneche2014ele,
  author = {Barneche, D. R. and Kulbicki, M. and Floeter, S. R. and Friedlander, A. M. and Maina, J. and Allen, A. P.},
  title = {Scaling metabolism from individuals to reef-fish communities at broad spatial scales},
  journal = {Ecology Letters},
  volume = {17},
  number = {9},
  issn = {1461-0248},
  url = {http://dx.doi.org/10.1111/ele.12309},
  doi = {10.1111/ele.12309},
  pages = {1067--1076},
  year = {2014}
}

@misc{schwaferts2020report,
   series = {tech},
   keyword = {Bayesian Decision Theory; Region of Practical Equivalence; ROPE; HDI+ROPE; ROPE-only; Imprecise Probabilities},
   year = {2020},
   author = {Patrick Schwaferts and Thomas Augustin},
   volume = {235},
   title = {{Bayesian Decisions using Regions of Practical Equivalence (ROPE): Foundations}},
   url = {http://nbn-resolving.de/urn/resolver.pl?urn=nbn:de:bvb:19-epub-74222-8}
}

@article{barneche2018ele,
  author = {Barneche, D. R. and Allen, A. P.},
  title = {The energetics of fish growth and how it constrains food-web trophic structure},
  journal = {Ecology Letters},
  volume = {21},
  pages = {836-844},
  issn = {1461-0248},
  url = {http://dx.doi.org/10.1111/ele.12947},
  doi = {10.1111/ele.12309},
  year = {2018},
}

@article{schoolfield1981,
  title ={Non-linear regression of biological temperature-dependent rate models based on absolute reaction-rate theory},
  journal ={Journal of Theoretical Biology},
  volume ={88},
  number ={4},
  pages ={719 - 731},
  year ={1981},
  note ={},
  issn ={0022-5193},
  doi ={http://dx.doi.org/10.1016/0022-5193(81)90246-0},
  url ={http://www.sciencedirect.com/science/article/pii/0022519381902460},
  author ={R.M. Schoolfield and P.J.H. Sharpe and C.E. Magnuson},
}


@article{pawar2016amnat,
  author = {Samraat Pawar and Anthony I. Dell and Van M. Savage and Jennifer L. Knies},
  title = {Real versus Artificial Variation in the Thermal Sensitivity of Biological Traits},
  journal = {The American Naturalist},
        volume = {187},
  number = {2},
  pages = {E41-E52},
  year = {2016},
  doi = {10.1086/684590},
  note ={PMID: 26731029},
  URL = {http://dx.doi.org/10.1086/684590},
  eprint = {http://dx.doi.org/10.1086/684590}
}

@article{barton2020ele,
  author = {Barton, Samuel and Jenkins, James and Buckling, Angus and Schaum, C.-Elisa and Smirnoff, Nicholas and Raven, John A. and Yvon-Durocher, Gabriel},
  title = {Evolutionary temperature compensation of carbon fixation in marine phytoplankton},
  journal = {Ecology Letters},
  volume = {23},
  number = {4},
  pages = {722-733},
  keywords = {climate change, evolutionary ecology, metabolism, phytoplankton physiology, thermal performance curves},
  doi = {https://doi.org/10.1111/ele.13469},
  url = {https://onlinelibrary.wiley.com/doi/abs/10.1111/ele.13469},
  eprint = {https://onlinelibrary.wiley.com/doi/pdf/10.1111/ele.13469},
  abstract = {Abstract The efficiency of carbon sequestration by the biological pump could decline in the coming decades because respiration tends to increase more with temperature than photosynthesis. Despite these differences in the short-term temperature sensitivities of photosynthesis and respiration, it remains unknown whether the long-term impacts of global warming on metabolic rates of phytoplankton can be modulated by evolutionary adaptation. We found that respiration was consistently more temperature dependent than photosynthesis across 18 diverse marine phytoplankton, resulting in universal declines in the rate of carbon fixation with short-term increases in temperature. Long-term experimental evolution under high temperature reversed the short-term stimulation of metabolic rates, resulting in increased rates of carbon fixation. Our findings suggest that thermal adaptation may therefore have an ameliorating impact on the efficiency of phytoplankton as primary mediators of the biological carbon pump.},
  year = {2020}
}

@article{west1997science,
  author = {West, Geoffrey B. and Brown, James H. and Enquist, Brian J.}, 
  title = {A General Model for the Origin of Allometric Scaling Laws in Biology},
  volume = {276}, 
  number = {5309}, 
  pages = {122-126}, 
  year = {1997}, 
  doi = {10.1126/science.276.5309.122}, 
  URL = {http://www.sciencemag.org/content/276/5309/122.abstract}, 
  eprint = {http://www.sciencemag.org/content/276/5309/122.full.pdf}, 
  journal = {Science} 
}

@article{west2001nature,
  author = {West, Geoffrey B. and Brown, James H. and Enquist, Brian J.}, 
  title = {A general model for ontogenetic growth},
  volume = {413}, 
  number = {6856}, 
  pages = {628-631}, 
  year = {2001}, 
  doi = {10.1038/35098076}, 
  URL = {http://www.nature.com/nature/journal/v413/n6856/abs/413628a0.html}, 
  eprint = {http://www.nature.com/nature/journal/v413/n6856/pdf/413628a0.pdf}, 
  journal = {Nature} 
}

@book{brody1945book,
  author = {Samuel Brody},
  title = {Bioenergetics and growth},
  volume = {},
  publisher = {Reinhold Publishing Corporation},
  address = {New York, USA},
  year = {1945},
  pages = {1033}
}

@article{vandepol2009animbehav,
  title = {A simple method for distinguishing within- versus between-subject effects using mixed models},
  journal = {Animal Behaviour},
  volume = {77},
  number = {3},
  pages = {753 - 758},
  year = {2009},
  issn = {0003-3472},
  doi = {http://dx.doi.org/10.1016/j.anbehav.2008.11.006},
  url = {http://www.sciencedirect.com/science/article/pii/S0003347208005423},
  author = {Martijn {van de Pol} and Jonathan Wright},
}

@article{barneche2019functecol,
  author = {Barneche, D. R. and Jahn, M. and Seebacher, F.},
  title = {Warming increases the cost of growth in a model vertebrate},
  journal = {Functional Ecology},
  doi = {10.1111/1365-2435.13348},
  pages = {1256--1266},
  volume = {33},
  issue = {7},
  url = {http://dx.doi.org/10.1111/1365-2435.12268},
  year = {2019}
}

@article{allgeier2015pnas,
  author = {Jacob E. Allgeier and Seth J. Wenger and Amy D. Rosemond and Daniel E. Schindler and Craig A. Layman},
  title = {Metabolic theory and taxonomic identity predict nutrient recycling in a diverse food web},
  volume = {}, 
  number = {}, 
  pages = {online early}, 
  year = {2015}, 
  doi = {},  
  URL = {}, 
  eprint = {}, 
  journal = {Proceedings of the National Academy of Sciences} 
}

@book{peters1983book,
  author = {Peters, R. H.},
  title = {The ecological implications of body size},
  series = {Lecture Notes in Mathematics},
  volume = {},
  publisher = {Cambridge University Press},
  address = {Cambridge, UK},
  year = {1983},
  pages = {329},
}

@article{agutter2004theor,
  year={2004},
  journal={Theoretical Biology and Medical Modelling},
  volume={1},
  pages={13},
  doi={10.1186/1742-4682-1-13},
  title={Metabolic scaling: consensus or controversy?},
  url={http://dx.doi.org/10.1186/1742-4682-1-13},
  publisher={BioMed Central},
  keywords={metabolic rate; allometric scaling; power laws; supply networks; fluid flow},
  author={Agutter, PaulS and Wheatley, DenysN},
  language={English}
}

@article{barneche2015pnas,
  author = {Diego R. Barneche and Andrew P. Allen},
  title = {Embracing general theory and taxon-level idiosyncrasies to explain nutrient recycling},
  volume = {112}, 
  number = {20}, 
  pages = {6248-6249}, 
  year = {2015}, 
  doi = {10.1073/pnas.1506305112},  
  URL = {http://www.pnas.org/content/112/20/6248.extract}, 
  journal = {Proceedings of the National Academy of Sciences} 
}

@article{hirst2014ele,
  author = {Hirst, Andrew G. and Glazier, Douglas S. and Atkinson, David},
  title = {Body shape shifting during growth permits tests that distinguish between competing geometric theories of metabolic scaling},
  journal = {Ecology Letters},
  volume = {17},
  number = {10},
  issn = {1461-0248},
  url = {http://dx.doi.org/10.1111/ele.12334},
  doi = {10.1111/ele.12334},
  pages = {1274--1281},
  keywords = {Body size, energetics, geometry, respiration},
  year = {2014},
}

@article{isaac2010ele,
  author = {Isaac, Nick J. B. and Carbone, Chris},
  title = {Why are metabolic scaling exponents so controversial? Quantifying variance and testing hypotheses},
  journal = {Ecology Letters},
  volume = {13},
  number = {6},
  publisher = {Blackwell Publishing Ltd},
  issn = {1461-0248},
  url = {http://dx.doi.org/10.1111/j.1461-0248.2010.01461.x},
  doi = {10.1111/j.1461-0248.2010.01461.x},
  pages = {728--735},
  year = {2010},
}

@article{garzke2019plosbiol,
  doi = {10.1371/journal.pbio.2006806},
  author = {Garzke, Jessica AND Connor, Stephanie J. AND Sommer, Ulrich AND O'Connor, Mary I.},
  journal = {PLOS Biology},
  publisher = {Public Library of Science},
  title = {Trophic interactions modify the temperature dependence of community biomass and ecosystem function},
  year = {2019},
  month = {06},
  volume = {17},
  url = {https://doi.org/10.1371/journal.pbio.2006806},
  pages = {1-27},
  number = {6},
}

@article{padfield2016ecollett,
  author = {Padfield, Daniel and Yvon-Durocher, Genevieve and Buckling, Angus and Jennings, Simon and Yvon-Durocher, Gabriel},
  title = {Rapid evolution of metabolic traits explains thermal adaptation in phytoplankton},
  journal = {Ecology Letters},
  volume = {19},
  number = {2},
  issn = {1461-0248},
  url = {http://dx.doi.org/10.1111/ele.12545},
  doi = {10.1111/ele.12545},
  pages = {133--142},
  keywords = {Carbon cycle, metabolic theory, phytoplankton, rapid evolution},
  year = {2016},
}

  @Manual{Rcitation,
    title = {R: A Language and Environment for Statistical Computing},
    author = {{R Core Team}},
    organization = {R Foundation for Statistical Computing},
    address = {Vienna, Austria},
    year = {2022},
    url = {https://www.R-project.org/},
  }

  @Article{lme4,
    title = {Fitting Linear Mixed-Effects Models Using {lme4}},
    author = {Douglas Bates and Martin M{\"a}chler and Ben Bolker and Steve Walker},
    journal = {Journal of Statistical Software},
    year = {2015},
    volume = {67},
    number = {1},
    pages = {1--48},
    doi = {10.18637/jss.v067.i01},
  }

  @Book{nlme,
    title = {Mixed-Effects Models in S and S-PLUS},
    author = {José C. Pinheiro and Douglas M. Bates},
    year = {2000},
    publisher = {Springer},
    address = {New York},
    doi = {10.1007/b98882},
  }
  
  @Article{glmmTMB,
    author = {Mollie E. Brooks and Kasper Kristensen and Koen J. {van Benthem} and Arni Magnusson and Casper W. Berg and Anders Nielsen and Hans J. Skaug and Martin Maechler and Benjamin M. Bolker},
    title = {{glmmTMB} Balances Speed and Flexibility Among Packages for Zero-inflated Generalized Linear Mixed Modeling},
    year = {2017},
    journal = {The R Journal},
    doi = {10.32614/RJ-2017-066},
    pages = {378--400},
    volume = {9},
    number = {2},
  }


  @Article{brms,
    title = {Bayesian Item Response Modeling in {R} with {brms} and {Stan}},
    author = {Paul-Christian Bürkner},
    journal = {Journal of Statistical Software},
    year = {2021},
    volume = {100},
    number = {5},
    pages = {1--54},
    doi = {10.18637/jss.v100.i05},
    encoding = {UTF-8},
  }

@article{rubner1883zeibiol,
  author = {Rubner, Max},
  title = {Ueber den {Einfluss} der {Körpergrösse} auf {Stoff-} und {Kraftwechsel}},
  journal = {Zeitschrift für Biologie},
  volume = {19},
  pages = {535--562},
  year = {1883},
}

@article{kleiber1932hilgardia,
    title = {Body size and metabolism},
    author = {Kleiber, Max},
    journal = {Hilgardia},
    volume = {6},
    number = {11},
    pages = {315-353},
    language = {English},
    year = {1932},
    publisher = {CALIFORNIA AGRICULTURAL EXPERIMENT STATION},
}

@article{delong2010pnas,
  author = {DeLong, John P. and Okie, Jordan G. and Moses, Melanie E. and Sibly, Richard M. and Brown, James H.}, 
  title = {Shifts in metabolic scaling, production, and efficiency across major evolutionary transitions of life},
  volume = {107}, 
  number = {29}, 
  pages = {12941-12945}, 
  year = {2010}, 
  doi = {10.1073/pnas.1007783107}, 
  URL = {http://www.pnas.org/content/107/29/12941.abstract}, 
  eprint = {http://www.pnas.org/content/107/29/12941.full.pdf+html}, 
  journal = {Proceedings of the National Academy of Sciences} 
}

@article{white2003pnas,
  author = {White, Craig R. and Seymour, Roger S.}, 
  title = {Mammalian basal metabolic rate is proportional to body mass2/3},
  volume = {100}, 
  number = {7}, 
  pages = {4046-4049}, 
  year = {2003}, 
  doi = {10.1073/pnas.0436428100}, 
  URL = {http://www.pnas.org/content/100/7/4046.abstract}, 
  eprint = {http://www.pnas.org/content/100/7/4046.full.pdf}, 
  journal = {Proceedings of the National Academy of Sciences} 
}

@article{white2005jeb,
  author = {White, Craig R. and Seymour, Roger S.}, 
  title = {Allometric scaling of mammalian metabolism},
  volume = {208}, 
  number = {9}, 
  pages = {1611-1619}, 
  year = {2005}, 
  doi = {10.1242/jeb.01501}, 
  URL = {http://jeb.biologists.org/content/208/9/1611.abstract}, 
  eprint = {http://jeb.biologists.org/content/208/9/1611.full.pdf+html}, 
  journal = {Journal of Experimental Biology} 
}

@article{louca2020nature,
  author = {Louca, Stilianos and Pennell, Matthew W.}, 
  title = {Extant timetrees are consistent with a myriad of diversification histories},
  volume = {580},
  number = {7804},
  pages = {502-505},
  year = {2020},
  issn = {1476-4687},
  doi = {10.1038/s41586-020-2176-1},
  URL = {https://doi.org/10.1038/s41586-020-2176-1},
  journal = {Nature}
}

@article{careau2015procb,
  author = {Careau, Vincent  and Wolak, Matthew E.  and Carter, Patrick A.  and Garland, Theodore},
  title = {Evolution of the additive genetic variance–covariance matrix under continuous directional selection on a complex behavioural phenotype},
  journal = {Proceedings of the Royal Society B: Biological Sciences},
  volume = {282},
  number = {1819},
  pages = {20151119},
  year = {2015},
  doi = {10.1098/rspb.2015.1119},
  URL = {https://royalsocietypublishing.org/doi/abs/10.1098/rspb.2015.1119},
  eprint = {https://royalsocietypublishing.org/doi/pdf/10.1098/rspb.2015.1119}
}

@article{malerba2018newphy,
  author = {Malerba, Martino E. and Palacios, Maria M. and Palacios Delgado, Yussi M. and Beardall, John and Marshall, Dustin J.},
  title = {Cell size, photosynthesis and the package effect: an artificial selection approach},
  journal = {New Phytologist},
  volume = {219},
  number = {1},
  pages = {449-461},
  keywords = {allometric size-scaling, artificial selection, evolutionary size-shift, experimental evolution, geometric biology, metabolism, oxygen evolution, primary production},
  doi = {https://doi.org/10.1111/nph.15163},
  url = {https://nph.onlinelibrary.wiley.com/doi/abs/10.1111/nph.15163},
  eprint = {https://nph.onlinelibrary.wiley.com/doi/pdf/10.1111/nph.15163},
  year = {2018}
}

@article{barneche2016procb,
  author = {Barneche, D. R. and Kulbicki, M. and Floeter, S. R. and Friedlander, A. M. and Allen, A. P.},
  title = {Energetic and ecological constraints on population density of reef fishes},
  volume = {283},
  number = {1823},
  year = {2016},
  doi = {10.1098/rspb.2015.2186},
  publisher = {The Royal Society},
  issn = {0962-8452},
  URL = {http://rspb.royalsocietypublishing.org/content/283/1823/20152186},
  eprint = {http://rspb.royalsocietypublishing.org/content/283/1823/20152186.full.pdf},
  journal = {Proceedings of the Royal Society of London B: Biological Sciences}
}

@article{odea2021bmcbiol,
  author = {O`Dea, Rose E. and Parker, Timothy H. and Chee, Yung En and Culina, Antica and Drobniak, Szymon M. and Duncan, David H. and Fidler, Fiona and Gould, Elliot and Ihle, Malika and Kelly, Clint D. and Lagisz, Malgorzata and Roche, Dominique G. and {Sánchez-Tójar}, Alfredo and Wilkinson, David P. and Wintle, Bonnie C. and Nakagawa, Shinichi},
  title = {Towards open, reliable, and transparent ecology and evolutionary biology},
  journal = {BMC Biology},
  volume = {19},
  issue = {1},
  issn ={1741-7007},
  publisher = {Springer Nature},
  url = {https://doi.org/10.1186/s12915-021-01006-3},
  doi = {10.1186/s12915-021-01006-3},
  pages = {68},
  year = {2021},
}


@article{fisher2019mee,
  author = {Fisher, Rebecca and Shiell, Glenn R. and Sadler, Rohan J. and Inostroza, Karina and Shedrawi, George and Holmes, Thomas H. and McGree, James M.},
  title = {epower: An r package for power analysis of Before-After-Control-Impact (BACI) designs},
  journal = {Methods in Ecology and Evolution},
  volume = {10},
  number = {11},
  pages = {1843-1853},
  keywords = {Bayesian methods, before-after-control-impact, environmental impact detection, hierarchical model, mixed model analysis, power analysis, R, sampling design assessment},
  doi = {https://doi.org/10.1111/2041-210X.13287},
  url = {https://besjournals.onlinelibrary.wiley.com/doi/abs/10.1111/2041-210X.13287},
  eprint = {https://besjournals.onlinelibrary.wiley.com/doi/pdf/10.1111/2041-210X.13287},
  year = {2019}
}

@article{schonbrodt2018psybullrev,
  author = {Schönbrodt, Felix D. and Wagenmakers, Eric-Jan},
  title = {Bayes factor design analysis: Planning for compelling evidence},
  journal = {Psychonomic Bulletin \& Review},
  volume = {25},
  issue = {1},
  pages = {128-142},
  year = {2018},
  issn = {1531-5320},
  doi = {10.3758/s13423-017-1230-y},
  url = {https://doi.org/10.3758/s13423-017-1230-y},
}

@article{scherbaum2009orgresmet,
  author = {Charles A. Scherbaum and Jennifer M. Ferreter},
  title ={Estimating Statistical Power and Required Sample Sizes for Organizational Research Using Multilevel Modeling},
  journal = {Organizational Research Methods},
  volume = {12},
  number = {2},
  pages = {347-367},
  year = {2009},
  doi = {10.1177/1094428107308906},
  URL = {https://doi.org/10.1177/1094428107308906},
  eprint = {https://doi.org/10.1177/1094428107308906}
}

@article{glazier2020jcompphysiolb,
  author = {Glazier, Douglas Stewart},
  title = {Activity alters how temperature influences intraspecific metabolic scaling: testing the metabolic-level boundaries hypothesis},
  journal = {Journal of Comparative Physiology B},
  volume = {190},
  issue = {4},
  issn = {1432-136X},
  url = {http://dx.doi.org/10.1007/s00360-020-01279-0},
  doi = {10.1007/s00360-020-01279-0},
  pages = {445--454},
  year = {2020},
}

@article{gelman2014perspsysci,
  author = {Andrew Gelman and John Carlin},
  title ={Beyond Power Calculations: Assessing Type S (Sign) and Type M (Magnitude) Errors},
  journal = {Perspectives on Psychological Science},
  volume = {9},
  number = {6},
  pages = {641-651},
  year = {2014},
  doi = {10.1177/1745691614551642},
  note ={PMID: 26186114},
  URL = {https://doi.org/10.1177/1745691614551642},
  eprint = {https://doi.org/10.1177/1745691614551642}
}

@article{bernhardt2018procb,
  author = {Bernhardt, Joey R.  and Sunday, Jennifer M.  and Thompson, Patrick L.  and {O'Connor}, Mary I. },
  title = {Nonlinear averaging of thermal experience predicts population growth rates in a thermally variable environment},
  journal = {Proceedings of the Royal Society B: Biological Sciences},
  volume = {285},
  number = {1886},
  pages = {20181076},
  year = {2018},
  doi = {10.1098/rspb.2018.1076},
  URL = {https://royalsocietypublishing.org/doi/abs/10.1098/rspb.2018.1076},
  eprint = {https://royalsocietypublishing.org/doi/pdf/10.1098/rspb.2018.1076}
}

@article{bernhardt2018amnat,
  title={Metabolic theory and the temperature-size rule explain the temperature dependence of population carrying capacity},
  author={Bernhardt, Joey R and Sunday, Jennifer M and {O'Connor}, Mary I},
  journal={The American Naturalist},
  volume={192},
  number={6},
  pages={687--697},
  year={2018},
  publisher={University of Chicago Press Chicago, IL}
}

@article{marquet2014bioscience,
    author = {Marquet, Pablo A. and Allen, Andrew P. and Brown, James H. and Dunne, Jennifer A. and Enquist, Brian J. and Gillooly, James F. and Gowaty, Patricia A. and Green, Jessica L. and Harte, John and Hubbell, Steve P. and O’Dwyer, James and Okie, Jordan G. and Ostling, Annette and Ritchie, Mark and Storch, David and West, Geoffrey B.},
    title = "{On Theory in Ecology}",
    journal = {BioScience},
    volume = {64},
    number = {8},
    pages = {701-710},
    year = {2014},
    month = {07},
    issn = {0006-3568},
    doi = {10.1093/biosci/biu098},
    url = {https://doi.org/10.1093/biosci/biu098},
    eprint = {https://academic.oup.com/bioscience/article-pdf/64/8/701/14094079/biu098.pdf},
}

@article{schramski2015pnas,
  author = {Schramski, John R. and Dell, Anthony I. and Grady, John M. and Sibly, Richard M. and Brown, James H.}, 
  title = {Metabolic theory predicts whole-ecosystem properties},
  volume = {112}, 
  number = {8}, 
  pages = {2617-2622}, 
  year = {2015}, 
  doi = {10.1073/pnas.1423502112}, 
  URL = {http://www.pnas.org/content/112/8/2617.abstract}, 
  eprint = {http://www.pnas.org/content/112/8/2617.full.pdf+html}, 
  journal = {Proceedings of the National Academy of Sciences} 
}

@article{brummer2017plosbiol,
    author = {Brummer, Alexander Byers and Savage, Van M. and Enquist, Brian J.},
    journal = {PLOS Computational Biology},
    publisher = {Public Library of Science},
    title = {A general model for metabolic scaling in self-similar asymmetric networks},
    year = {2017},
    month = {03},
    volume = {13},
    url = {https://doi.org/10.1371/journal.pcbi.1005394},
    pages = {1-25},
   number = {3},
    doi = {10.1371/journal.pcbi.1005394}
}

@article{kerkhoff2009jtheorbiol,
title = {Multiplicative by nature: Why logarithmic transformation is necessary in allometry},
journal = {Journal of Theoretical Biology},
volume = {257},
number = {3},
pages = {519-521},
year = {2009},
issn = {0022-5193},
doi = {https://doi.org/10.1016/j.jtbi.2008.12.026},
url = {https://www.sciencedirect.com/science/article/pii/S0022519308006681},
author = {Andrew J. Kerkhoff and Brian J. Enquist}
}

@article{spake2023biolrev,
author = {Spake, Rebecca and Bowler, Diana E. and Callaghan, Corey T. and Blowes, Shane A. and Doncaster, C. Patrick and Antão, Laura H. and Nakagawa, Shinichi and McElreath, Richard and Chase, Jonathan M.},
title = {Understanding ‘it depends’ in ecology: a guide to hypothesising, visualising and interpreting statistical interactions},
journal = {Biological Reviews},
volume = {98},
number = {4},
pages = {983-1002},
keywords = {antagonistic, effect size, generalised linear models; Hedges' g, log response ratio, meta-regression, statistical interaction, synergistic, synthesis, transformation},
doi = {https://doi.org/10.1111/brv.12939},
url = {https://onlinelibrary.wiley.com/doi/abs/10.1111/brv.12939},
eprint = {https://onlinelibrary.wiley.com/doi/pdf/10.1111/brv.12939},
year = {2023}
}

@book{gelman2020book,
  place = {Cambridge}, 
  series = {Analytical Methods for Social Research}, 
  title = {Regression and Other Stories}, 
  doi = {10.1017/9781139161879}, 
  publisher = {Cambridge University Press}, 
  author = {Gelman, Andrew and Hill, Jennifer and Vehtari, Aki}, 
  year = {2020}, 
  collection = {Analytical Methods for Social Research}
}

@article{wright1983oikos,
    title = {Species-energy Theory: An extension of Species-area Theory},
    author = {David Hamilton Wright},
    journal = {Oikos},
    volume = {41},
    number = {3},
    pages = {496-506},
    url = {http://www.jstor.org/stable/3544109},
    ISSN = {00301299},
    language = {English},
    year = {1983},
    publisher = {Wiley on behalf of Nordic Society Oikos},
    copyright = {Copyright © 1983 Nordic Society Oikos},
}

@article{allen2005functecol,
  author = {Allen, A. P. and Gillooly, J. F. and Brown, J. H.},
  title = {Linking the global carbon cycle to individual metabolism},
  journal = {Functional Ecology},
  volume = {19},
  number = {2},
  publisher = {Blackwell Science Ltd},
  issn = {1365-2435},
  url = {http://dx.doi.org/10.1111/j.1365-2435.2005.00952.x},
  doi = {10.1111/j.1365-2435.2005.00952.x},
  pages = {202--213},
  keywords = {acclimation, allometry, global change, labile carbon, metabolic theory },
  year = {2005},
}

@article{allen2002science,
  author = {Allen, Andrew P. and Brown, James H. and Gillooly, James F.}, 
  title = {Global Biodiversity, Biochemical Kinetics, and the Energetic-Equivalence Rule},
  volume = {297}, 
  number = {5586}, 
  pages = {1545-1548}, 
  year = {2002}, 
  doi = {10.1126/science.1072380}, 
  URL = {http://www.sciencemag.org/content/297/5586/1545.abstract}, 
  eprint = {http://www.sciencemag.org/content/297/5586/1545.full.pdf}, 
  journal = {Science},
}
